<record><leader>00000cas a2200000 a 4500</leader><controlfield tag="001">7618720</controlfield><controlfield tag="008">810727d18091811nyuwr ne      0    0eng c</controlfield><datafield ind1=" " ind2=" " tag="010"><subfield code="a">sn 83030716 </subfield></datafield><datafield ind1=" " ind2=" " tag="040"><subfield code="a">NYG</subfield><subfield code="b">eng</subfield><subfield code="c">NYG</subfield><subfield code="d">NPU</subfield><subfield code="d">NPA</subfield><subfield code="d">NPI</subfield><subfield code="d">NPX</subfield><subfield code="d">DLC</subfield><subfield code="d">KNP</subfield><subfield code="d">MGN</subfield><subfield code="d">KNP</subfield><subfield code="d">HUL</subfield><subfield code="d">OCL</subfield><subfield code="d">CVF</subfield><subfield code="d">DLC</subfield><subfield code="d">ZCU</subfield><subfield code="d">OCLCG</subfield><subfield code="d">CRU</subfield><subfield code="d">KRTAS</subfield><subfield code="d">OCLCQ</subfield><subfield code="d">OCLCF</subfield><subfield code="d">OCLCO</subfield></datafield><datafield ind1="1" ind2=" " tag="029"><subfield code="a">AU@</subfield><subfield code="b">000040296425</subfield></datafield><datafield ind1=" " ind2=" " tag="042"><subfield code="a">pcc</subfield></datafield><datafield ind1=" " ind2=" " tag="043"><subfield code="a">n-us-ny</subfield></datafield><datafield ind1="0" ind2="0" tag="050"><subfield code="a">Newspaper</subfield></datafield><datafield ind1="1" ind2="4" tag="050"><subfield code="a">AP2</subfield><subfield code="b">.A1 APSII reel 36, etc.</subfield></datafield><datafield ind1=" " ind2=" " tag="051"><subfield code="a">Microfilm 01104 no. 36 AP</subfield><subfield code="u">&lt;MicRR&gt;</subfield></datafield><datafield ind1=" " ind2=" " tag="092"><subfield code="a">051</subfield><subfield code="b">O14</subfield></datafield><datafield ind1="0" ind2=" " tag="130"><subfield code="a">Observer (New York, N.Y. : 1809)</subfield></datafield><datafield ind1="1" ind2="4" tag="245"><subfield code="a">The observer.</subfield></datafield><datafield ind1=" " ind2=" " tag="260"><subfield code="a">New-York [N.Y. :</subfield><subfield code="b">s.n.],</subfield><subfield code="c">1809-1811.</subfield></datafield><datafield ind1=" " ind2=" " tag="300"><subfield code="a">3 v. :</subfield><subfield code="b">ill. ;</subfield><subfield code="c">21-27 cm.</subfield></datafield><datafield ind1=" " ind2=" " tag="310"><subfield code="a">Weekly</subfield></datafield><datafield ind1="0" ind2=" " tag="362"><subfield code="a">No. 1 (Feb. 19, 1809)-no. 25 (Aug. 6, 1809) ; no. 1 (Oct. 14, 1810)-no. 28 (Apr. 21, 1811).</subfield></datafield><datafield ind1="0" ind2=" " tag="490"><subfield code="a">Filmed with: American periodical series, 1800-1850 ;</subfield><subfield code="v">36</subfield></datafield><datafield ind1=" " ind2=" " tag="500"><subfield code="a">Imprint varies: Printed by William Elliot, 1809; Printed and published by Elliot &amp; Crissy, 1810-1811.</subfield></datafield><datafield ind1=" " ind2=" " tag="515"><subfield code="a">Suspended with Aug. 6, 1809 issue; resumed with Oct. 14, 1810 issue.</subfield></datafield><datafield ind1=" " ind2=" " tag="530"><subfield code="a">Also issued in microform from Readex Microprint Corp. and online.</subfield></datafield><datafield ind1=" " ind2="0" tag="651"><subfield code="a">New York (N.Y.)</subfield><subfield code="v">Newspapers.</subfield></datafield><datafield ind1=" " ind2="7" tag="655"><subfield code="a">Newspapers.</subfield><subfield code="2">fast</subfield><subfield code="0">(OCoLC)fst01423814</subfield></datafield><datafield ind1=" " ind2="7" tag="651"><subfield code="a">New York (State)</subfield><subfield code="z">New York.</subfield><subfield code="2">fast</subfield><subfield code="0">(OCoLC)fst01204333</subfield></datafield><datafield ind1="1" ind2=" " tag="700"><subfield code="a">Elliot, William,</subfield><subfield code="d">1773?-1837.</subfield></datafield><datafield ind1="1" ind2=" " tag="700"><subfield code="a">Crissy, James.</subfield></datafield><datafield ind1=" " ind2=" " tag="752"><subfield code="a">United States</subfield><subfield code="b">New York</subfield><subfield code="c">New York</subfield><subfield code="d">New York.</subfield></datafield><datafield ind1="1" ind2=" " tag="776"><subfield code="t">Observer (New York, N.Y. : 1809 : Online)</subfield><subfield code="w">(DLC)  2005255259</subfield><subfield code="w">(OCoLC)56760879</subfield></datafield><datafield ind1="1" ind2=" " tag="776"><subfield code="t">Observer (New York, N.Y. : 1810 : Online)</subfield><subfield code="w">(DLC)  2005255260</subfield><subfield code="w">(OCoLC)56812966</subfield></datafield><datafield ind1="0" ind2="0" tag="785"><subfield code="t">New-York weekly observer</subfield><subfield code="w">(DLC)sn 86071177</subfield><subfield code="w">(OCoLC)13238360</subfield></datafield><datafield ind1=" " ind2="0" tag="830"><subfield code="a">American periodical series, 1800-1850 ;</subfield><subfield code="v">36.</subfield></datafield><datafield ind1=" " ind2=" " tag="850"><subfield code="a">MH</subfield></datafield><datafield ind1="4" ind2="1" tag="856"><subfield code="u">http://proquest.umi.com/pqdweb?RQT=318&amp;VName=HNP&amp;pmid=40905</subfield></datafield><datafield ind1="4" ind2="1" tag="856"><subfield code="u">http://proquest.umi.com/pqdweb?RQT=318&amp;VName=HNP&amp;pmid=42030</subfield></datafield><datafield ind1=" " ind2=" " tag="938"><subfield code="a">Kirtas Technologies, Inc.</subfield><subfield code="b">KRTS</subfield><subfield code="n">735881</subfield></datafield></record>